<collection xmlns="http://www.loc.gov/MARC21/slim">
<record>
  <leader>01028nam0a22002651i 450 </leader>
  <controlfield tag="001">IT\ICCU\CNCE\066204</controlfield>
  <controlfield tag="005">20060929000000.0</controlfield>
  <datafield tag="100" ind1=" " ind2=" ">
    <subfield code="a">20060828d1599        0itac0103    ba</subfield>
  </datafield>
  <datafield tag="101" ind1=" " ind2=" ">
    <subfield code="a">LAT</subfield>
  </datafield>
  <datafield tag="102" ind1=" " ind2=" ">
    <subfield code="a">IT</subfield>
  </datafield>
  <datafield tag="200" ind1="1" ind2=" ">
    <subfield code="a">℗Hori Apollinis ℗Selecta hieroglyphica ...</subfield>
  </datafield>
  <datafield tag="210" ind1=" " ind2=" ">
    <subfield code="a">Roma</subfield>
    <subfield code="c">sumptibus Iulij Franceschini</subfield>
    <subfield code="d">1599</subfield>
  </datafield>
  <datafield tag="215" ind1=" " ind2=" ">
    <subfield code="a">272 p.</subfield>
    <subfield code="d">10 cm</subfield>
  </datafield>
  <datafield tag="300" ind1=" " ind2=" ">
    <subfield code="a">ANNULLATA  !!!!  vedi 22670</subfield>
  </datafield>
  <datafield tag="620" ind1=" " ind2=" ">
    <subfield code="a">IT</subfield>
    <subfield code="d">Roma</subfield>
  </datafield>
  <datafield tag="700" ind1=" " ind2="0">
    <subfield code="a">Horapollo</subfield>
    <subfield code="3">IT\ICCU\CNCA\006490</subfield>
  </datafield>
  <datafield tag="712" ind1="0" ind2="0">
    <subfield code="a">Franceschini, Giulio</subfield>
    <subfield code="3">IT\ICCU\CNCT\000805</subfield>
    <subfield code="4">650</subfield>
  </datafield>
  <datafield tag="790" ind1=" " ind2="0">
    <subfield code="a">Horus Apollinus</subfield>
    <subfield code="c"> : Niliacus</subfield>
    <subfield code="3">IT\ICCU\CNCA\014405</subfield>
    <subfield code="z">Horapollo</subfield>
  </datafield>
  <datafield tag="790" ind1=" " ind2="0">
    <subfield code="a">Oro Apolline</subfield>
    <subfield code="c"> : Niliaco</subfield>
    <subfield code="3">IT\ICCU\CNCA\014406</subfield>
    <subfield code="z">Horapollo</subfield>
  </datafield>
  <datafield tag="790" ind1=" " ind2="0">
    <subfield code="a">Horapollo</subfield>
    <subfield code="c"> : Nilous</subfield>
    <subfield code="3">IT\ICCU\CNCA\014407</subfield>
    <subfield code="z">Horapollo</subfield>
  </datafield>
  <datafield tag="790" ind1=" " ind2="0">
    <subfield code="a">Horapollon</subfield>
    <subfield code="3">IT\ICCU\CNCA\014408</subfield>
    <subfield code="z">Horapollo</subfield>
  </datafield>
  <datafield tag="790" ind1=" " ind2="0">
    <subfield code="a">Orapollo</subfield>
    <subfield code="c"> : Niloo</subfield>
    <subfield code="3">IT\ICCU\CNCA\014409</subfield>
    <subfield code="z">Horapollo</subfield>
  </datafield>
  <datafield tag="790" ind1=" " ind2="0">
    <subfield code="a">Oros Apollon</subfield>
    <subfield code="c"> : Neiloos</subfield>
    <subfield code="3">IT\ICCU\CNCA\020378</subfield>
    <subfield code="z">Horapollo</subfield>
  </datafield>
  <datafield tag="801" ind1=" " ind2="3">
    <subfield code="a">IT</subfield>
    <subfield code="b">ICCU</subfield>
    <subfield code="c">20201115</subfield>
  </datafield>
  <datafield tag="899" ind1=" " ind2=" ">
    <subfield code="a">Biblioteca comunale centrale. Milano</subfield>
    <subfield code="1">MI0162</subfield>
    <subfield code="2">LO1 01</subfield>
  </datafield>
</record>
</collection>
